% !BIB TS-program = biber
% !BIB program = biber

@article{Bouldi1, title = {X-ray magnetic and natural circular
dichroism from first principles: Calculation of $K$- and ${L}_{1}$-edge spectra}, author = {Bouldi, N. and Vollmers, N. J. and Delpy-Laplanche, C. G. and Joly, Y. and Juhin, A. and Sainctavit, Ph. and Brouder, Ch. and Calandra, M. and Paulatto, L. and Mauri, F. and Gerstmann, U.},
  journal = {Phys. Rev. B},
  volume = {96},
  issue = {8},
  pages = {085123},
  numpages = {12},
  year = {2017},
  month = {Aug},
  publisher = {American Physical Society},
  doi = {10.1103/PhysRevB.96.085123},
  url = {https://link.aps.org/doi/10.1103/PhysRevB.96.085123}
}

@online{APS,
  author = {Argonne National Laboratory},
  title = {Advanced Photon Source},
  url = {http://wwww.aps.anl.gov},
  urldate = {2017-11-27}
}

@online{FOUR-IDC,
  author = {Argonne National Laboratory},
  title = {Beamline 4-ID-C},
  url = {https://www1.aps.anl.gov/Beamlines/Directory/Details?beamline\_id=7},
  urldate = {2017-11-27}
}

@online{
ANACONDAPYTHON, 
author = {Anaconda Inc.},
title = {Anaconda Web Page},
url = {https://www.anaconda.com},
urldate = {}
}

@online{
PYTHONWEB, 
author = {Python Software Foundation},
title = {Python Software Foundation Web Site},
url = {https://www.python.org},
urldate = {2017-11-27}
}

@online{
PYTHONLANGREF, 
author = {Python SoftwareFoundatiuon},
title = {Python Language Reference},
url = {https://docs.python.org/3},
urldate = {2017-11-27}
}

@online{
PYTHONPACKAGEINDEX, 
author = {Python Software Foundation},
title = {Python Package Index Website},
url = {https://pypi.python.org/pypi},
urldate = {2017-12-01}
}